% Encoding: UTF-8
@Comment{jabref-meta: databaseType:bibtex;}

@book{cafe-rande-welt,
  TITLE  = {Das Caf√© am Rande der Welt},
  AUTHOR = {John Strelecky},
  URL    = {https://www.johnstrelecky.com/de/bucher/das-cafe-am-rande-der-welt/}
}

@misc{leben-leidenschaft,
  AUTHOR       = {Matthias Kirchner},
  TITLE        = {Leben ist Leidenschaft},
  HOWPUBLISHED = {Website},
  URL          = {{https://lebenistleidenschaft.de/}},
  YEAR         = {2022}
}

@book{rules-for-life,
  AUTHOR = {Jordan Peterson},
  TITLE  = {12 Rules for Life},
  URL    = {https://www.jordanbpeterson.com/12-rules-for-life/}
}

\endinput